@ONLINE {ref:who,
    author = "World Health Organization",
    title  = "Deafness and hearing loss. Fact sheet",
    month  = "03",
    year   = "2019",
    url    = "https://www.who.int/en/news-room/fact-sheets/detail/deafness-and-hearing-loss"
}
@ARTICLE {ref:deb,
    author  = "Deborah Imel Nelson et al.",
    title   = "The global burden of occupational noise-induced hearing loss",
    journal = "American journal of industrial medicine",
    year    = "2005",
    volume  = "48.6",
    pages   = "446-458"
}
@ARTICLE {ref:shin,
    author  = "Shin’ichi Tamura and Alex Waibel.",
    title   = "Noise reduction using connectionist models",
    journal = "Acoustics, Speech, and Signal Processing, 1988. ICASSP-88., 1988 International Conference on",
    year    = "1988",
    pages   = "553-556"
}
@ONLINE {ref:awni,
    author = "Awni Hannun, Carl Case et al.",
    title  = "Deep Speech: Scaling up end-to-end speech recognition. In: Cornell University abs/1412.5567",
    year   = "2014",
    url    = "https://arxiv.org/abs/1412.5567"
}
@ARTICLE {ref:tong,
    author  = "Jitong Chen et al.",
    title   = "Large-scale training to increase speech intelligibility for hearing-impaired listeners in novel noises",
    journal = "The Journal of the Acoustical Society of America",
    year    = "2016",
    volume  = "139.5",
    pages   = "2604–2612."
}
@misc{ wiki:lom,
    author = "Wikipedia contributors",
    title = "Lombard effect, Wikipedia The Free Encyclopedia",
    year = "2019",
    url = "https://en.wikipedia.org/w/index.php?title=Lombard_effect",
    note = "Online; accessed 11-July-2019"
  }
@misc{ wiki:sl,
    author = "Wikipedia contributors",
    title = "Supervised learning, Wikipedia The Free Encyclopedia",
    year = "2019",
    url = "https://en.wikipedia.org/w/index.php?title=Supervised_learning",
    note = "Online; accessed 11-July-2019"
  }
@misc{ref:timit,
author = "Garofolo, John S., et al.",
title = " TIMIT Acoustic-Phonetic Continuous Speech Corpus LDC93S1. Web Download",
year = "1993"
}
@misc{ref:musan2015,
  author = "David Snyder and Guoguo Chen and Daniel Povey",
  title = "MUSAN: A Music, Speech, and Noise Corpus",
  year = "2015",
  eprint = "1510.08484",
  note = "arXiv:1510.08484v1"
}
@misc{ wiki:feat,
  author = "Wikipedia contributors",
  title = "Feature (machine learning), Wikipedia The Free Encyclopedia",
  year = "2018",
  url = "https://en.wikipedia.org/w/index.php?title=Feature_(machine_learning)",
  note = "Online; accessed 11-July-2019"
}
  @misc{ mathworks:gtcc,
  author = "Mathworks Contributors",
  title = "gtcc",
  url = "https://www.mathworks.com/help/audio/ref/gtcc.html",
  note = "Online; accessed 11-July-2019"
}
@misc{ mathworks:mfcc,
  author = "Mathworks Contributors",
  title = "mfcc",
  url = "https://www.mathworks.com/help/audio/ref/mfcc.html",
  note = "Online; accessed 11-July-2019"
}
@misc {ref:irm,
    author   = "C. Hummersone, T. Stokes, and T. Brooks",
    title    = "On the ideal ratio mask as the goal of computational auditory scene analysis",
    journal  = "Springer",
    year     = "2014",
    pages    = "349–368.",
    note = "Blind Source Separation, G. R. Naik and W. Wang, Eds. Berlin, Germany"
}
@misc{ wiki:cnn,
  author = "Wikipedia contributors",
  title = "Convolutional neural network, Wikipedia The Free Encyclopedia",
  year = "2019",
  url = "https://en.wikipedia.org/w/index.php?title=Convolutional_neural_network",
  note = "Online; accessed 11-July-2019"
}
@misc{ wiki:batch,
  author = "Wikipedia contributors",
  title = "Batch normalization, Wikipedia The Free Encyclopedia",
  year = "2019",
  url = "https://en.wikipedia.org/w/index.php?title=Batch_normalization",
  note = "Online; accessed 11-July-2019"
}
@misc{ wiki:relu,
  author = "Wikipedia contributors",
  title = "Rectifier (neural networks) --- Wikipedia The Free Encyclopedia",
  year = "2019",
  url = "https://en.wikipedia.org/w/index.php?title=Rectifier_(neural_networks)",
  note = "Online; accessed 11-July-2019"
}
@ARTICLE {ref:ieee_stoi,
    author  = "J. Jensen and C. H. Taal",
    title   = "An algorithm for predicting the intelligibility of speech masked by modulated noise maskers",
    journal = "IEEE/ACM Trans. Audio, Speech, Lang. Process.",
    year    = "2016",
    volume  = "24",
    number  = "11",
    pages   = "2009-2022"
}
@MISC {ref:pesq,
    title = "Perceptual evaluation of speech quality (PESQ), and objective method for end-to-end speech quality assessment of narrowband telephone networks and speech codecs",
    note  = "ITU-T Recommendation P. 862, 2000."
}
@misc{ wiki:cock,
    author = "Wikipedia contributors",
    title = "Cocktail party effect Wikipedia The Free Encyclopedia",
    year = "2019",
    url = "https://en.wikipedia.org/w/index.php?title=Cocktail_party_effect",
    note = "Online; accessed 11-July-2019"
}
@ARTICLE {ref:spec_sub,
    author  = "S. Boll",
    title   = "Suppression of acoustic noise in speech using spectral subtraction",
    journal = "IEEE/ACM Trans. Audio, Speech, Sig. Process.",
    year    = "1979",
    volume  = "27.2",
    number  = "0096-3518",
    pages   = "113-120"
}
@ARTICLE {ref:rnn,
    author  = "Po-Sen Huang et al.",
    title   = "Joint optimization of masks and deep recurrent neural networks for monaural source separation",
    journal = "IEEE/ACM Trans. Audio, Speech, Lang. Process.",
    year    = "2015",
    volume  = "23.12",
    pages   = "2136-2147"
}

